@article{microsoftPaper,
    author = {Lundberg, Scott M and Lee, Su-In},
    booktitle = {Advances in Neural Information Processing Systems},
    editor = {I. Guyon and U. V. Luxburg and S. Bengio and H. Wallach and R. Fergus and S. Vishwanathan and R. Garnett},
    pages = {},
    publisher = {Curran Associates, Inc.},
    title = {A Unified Approach to Interpreting Model Predictions},
     url = {https://proceedings.neurips.cc/paper/2017/file/8a20a8621978632d76c43dfd28b67767-Paper.pdf},
    volume = {30},
    year = {2017}
}



@article{adfisher,
	title = {Automated {Experiments} on {Ad} {Privacy} {Settings}: {A} {Tale} of {Opacity}, {Choice}, and {Discrimination}},
	shorttitle = {Automated {Experiments} on {Ad} {Privacy} {Settings}},
	url = {http://arxiv.org/abs/1408.6491},
	urldate = {2021-03-05},
	journal = {arXiv:1408.6491 [cs]},
	author = {Datta, Amit and Tschantz, Michael Carl and Datta, Anupam},
	month = mar,
	year = {2015},
	note = {arXiv: 1408.6491},
	keywords = {Computer Science - Cryptography and Security},
	file = {arXiv Fulltext PDF:/Users/johnfishbein/Zotero/storage/5D3AK68Y/Datta et al. - 2015 - Automated Experiments on Ad Privacy Settings A Ta.pdf:application/pdf;arXiv.org Snapshot:/Users/johnfishbein/Zotero/storage/QCSF6H7R/1408.html:text/html},
}

@book{shapEssays,
	address = {Cambridge [Cambridgeshire] ; New York},
	title = {The {Shapley} value: essays in honor of {Lloyd} {S}. {Shapley}},
	isbn = {978-0-521-36177-4},
	shorttitle = {The {Shapley} value},
	language = {en},
	publisher = {Cambridge University Press},
	editor = {Shapley, Lloyd S. and Roth, Alvin E.},
	year = {1988},
	keywords = {Economics, Mathematical, Game theory, Shapley, Lloyd S},
	file = {Shapley and Roth - 1988 - The Shapley value essays in honor of Lloyd S. Sha.pdf:/Users/johnfishbein/Zotero/storage/XYLSA8W9/Shapley and Roth - 1988 - The Shapley value essays in honor of Lloyd S. Sha.pdf:application/pdf},
}


@book{shapleyValue,
	title = {17. {A} {Value} for n-{Person} {Games}},
	isbn = {978-1-4008-8197-0},
	url = {https://www.degruyter.com/document/doi/10.1515/9781400881970-018/html},
	abstract = {17. A Value for n-Person Games was published in Contributions to the Theory of Games (AM-28), Volume II on page 307.},
	language = {en},
	urldate = {2021-04-01},
	publisher = {Princeton University Press},
	author = {Shapley, L S.},
	month = mar,
	year = {1953},
	note = {Pages: 307-318
Publication Title: Contributions to the Theory of Games (AM-28), Volume II
Section: Contributions to the Theory of Games (AM-28), Volume II},
	file = {Snapshot:/Users/johnfishbein/Zotero/storage/ZW4NTYC8/html.html:text/html},
}


@article{ribeiroSG16_MS5,
  author    = {Marco T{\'{u}}lio Ribeiro and
               Sameer Singh and
               Carlos Guestrin},
  title     = {"Why Should {I} Trust You?": Explaining the Predictions of Any Classifier},
  journal   = {CoRR},
  volume    = {abs/1602.04938},
  year      = {2016},
  url       = {http://arxiv.org/abs/1602.04938},
  archivePrefix = {arXiv},
  eprint    = {1602.04938},
  timestamp = {Mon, 13 Aug 2018 16:49:09 +0200},
  biburl    = {https://dblp.org/rec/journals/corr/RibeiroSG16.bib},
  bibsource = {dblp computer science bibliography, https://dblp.org}
}

@article{shrikumarGSK16_MS8,
  author    = {Avanti Shrikumar and
               Peyton Greenside and
               Anna Shcherbina and
               Anshul Kundaje},
  title     = {Not Just a Black Box: Learning Important Features Through Propagating
               Activation Differences},
  journal   = {CoRR},
  volume    = {abs/1605.01713},
  year      = {2016},
  url       = {http://arxiv.org/abs/1605.01713},
  archivePrefix = {arXiv},
  eprint    = {1605.01713},
  timestamp = {Mon, 13 Aug 2018 16:48:14 +0200},
  biburl    = {https://dblp.org/rec/journals/corr/ShrikumarGSK16.bib},
  bibsource = {dblp computer science bibliography, https://dblp.org}
}

@article{regressionInGameTheory_MS4,
author = {Lipovetsky, Stan and Conklin, Michael},
year = {2001},
month = {10},
pages = {319 - 330},
title = {Analysis of Regression in Game Theory Approach},
volume = {17},
journal = {Applied Stochastic Models in Business and Industry},
doi = {10.1002/asmb.446}
}


@INPROCEEDINGS{QII_MS3,
  author={A. {Datta} and S. {Sen} and Y. {Zick}},
  booktitle={2016 IEEE Symposium on Security and Privacy (SP)}, 
  title={Algorithmic Transparency via Quantitative Input Influence: Theory and Experiments with Learning Systems}, 
  year={2016},
  volume={},
  number={},
  pages={598-617},
  doi={10.1109/SP.2016.42}}



@article{strumbelj_explaining_2014_MS9,
	title = {Explaining prediction models and individual predictions with feature contributions},
	volume = {41},
	issn = {0219-3116},
	url = {https://doi.org/10.1007/s10115-013-0679-x},
	doi = {10.1007/s10115-013-0679-x},
	language = {en},
	number = {3},
	urldate = {2021-04-01},
	journal = {Knowledge and Information Systems},
	author = {Štrumbelj, Erik and Kononenko, Igor},
	month = dec,
	year = {2014},
	pages = {647--665},
	file = {Springer Full Text PDF:/Users/johnfishbein/Zotero/storage/L4ZPR227/Štrumbelj and Kononenko - 2014 - Explaining prediction models and individual predic.pdf:application/pdf},
}

@article{strumbelj_efficient_2010,
  author  = {Erik Ã…Â trumbelj and Igor Kononenko},
  title   = {An Efficient Explanation of Individual Classifications using Game Theory},
  journal = {Journal of Machine Learning Research},
  year    = {2010},
  volume  = {11},
  number  = {1},
  pages   = {1-18},
  url     = {http://jmlr.org/papers/v11/strumbelj10a.html}
}

@article{bach_pixel-wise_2015_MS1,
	title = {On {Pixel}-{Wise} {Explanations} for {Non}-{Linear} {Classifier} {Decisions} by {Layer}-{Wise} {Relevance} {Propagation}},
	volume = {10},
	issn = {1932-6203},
	url = {https://journals.plos.org/plosone/article?id=10.1371/journal.pone.0130140},
	doi = {10.1371/journal.pone.0130140},
	language = {en},
	number = {7},
	urldate = {2021-04-01},
	journal = {PLOS ONE},
	author = {Bach, Sebastian and Binder, Alexander and Montavon, Grégoire and Klauschen, Frederick and Müller, Klaus-Robert and Samek, Wojciech},
	month = jul,
	year = {2015},
	note = {Publisher: Public Library of Science},
	keywords = {Algorithms, Coding mechanisms, Imaging techniques, Kernel functions, Neural networks, Neurons, Sensory perception, Vision},
	pages = {e0130140},
	file = {Full Text PDF:/Users/johnfishbein/Zotero/storage/IVTUS37C/Bach et al. - 2015 - On Pixel-Wise Explanations for Non-Linear Classifi.pdf:application/pdf},
}


@article{monotonicity,
	title = {Monotonic solutions of cooperative games},
	volume = {14},
	issn = {1432-1270},
	url = {https://doi.org/10.1007/BF01769885},
	doi = {10.1007/BF01769885},
	language = {en},
	number = {2},
	urldate = {2021-04-01},
	journal = {International Journal of Game Theory},
	author = {Young, H. P.},
	month = jun,
	year = {1985},
	pages = {65--72},
}



@article{shapley_complexity,
	title = {Shapley {Meets} {Shapley}},
	url = {http://arxiv.org/abs/1307.0332},
	urldate = {2021-04-01},
	journal = {arXiv:1307.0332 [cs]},
	author = {Aziz, Haris and de Keijzer, Bart},
	month = jul,
	year = {2013},
	note = {arXiv: 1307.0332},
	keywords = {91A12, 68Q15, Computer Science - Computer Science and Game Theory, F.2, J.4},
	annote = {Comment: 17 pages},
	file = {arXiv Fulltext PDF:/Users/johnfishbein/Zotero/storage/XA9H4ZXL/Aziz and de Keijzer - 2013 - Shapley Meets Shapley.pdf:application/pdf;arXiv.org Snapshot:/Users/johnfishbein/Zotero/storage/8HBCCDBM/1307.html:text/html},
}


@article{bachrach_approximating_shapley,
	title = {Approximating power indices: theoretical and empirical analysis},
	volume = {20},
	issn = {1573-7454},
	shorttitle = {Approximating power indices},
	url = {https://doi.org/10.1007/s10458-009-9078-9},
	doi = {10.1007/s10458-009-9078-9},
	language = {en},
	number = {2},
	urldate = {2021-04-01},
	journal = {Autonomous Agents and Multi-Agent Systems},
	author = {Bachrach, Yoram and Markakis, Evangelos and Resnick, Ezra and Procaccia, Ariel D. and Rosenschein, Jeffrey S. and Saberi, Amin},
	month = mar,
	year = {2010},
	pages = {105--122},
	file = {Springer Full Text PDF:/Users/johnfishbein/Zotero/storage/6PL9JSAU/Bachrach et al. - 2010 - Approximating power indices theoretical and empir.pdf:application/pdf},
}
